<collection xmlns="http://www.loc.gov/MARC21/slim">
<record>
  <leader>01555nam0a2200325 i 450 </leader>
  <controlfield tag="001">IT\ICCU\CNCE\017511</controlfield>
  <controlfield tag="005">20060811000000.0</controlfield>
  <datafield tag="012" ind1=" " ind2=" ">
    <subfield code="a">osr* t.no o.um grNu (7) 1569 (R)</subfield>
    <subfield code="2">fei</subfield>
  </datafield>
  <datafield tag="100" ind1=" " ind2=" ">
    <subfield code="a">19970101d1569        0itac0103    ba</subfield>
  </datafield>
  <datafield tag="101" ind1=" " ind2=" ">
    <subfield code="a">LAT</subfield>
  </datafield>
  <datafield tag="102" ind1=" " ind2=" ">
    <subfield code="a">IT</subfield>
  </datafield>
  <datafield tag="200" ind1="1" ind2=" ">
    <subfield code="a">Haec sunt acta capituli generalis Romae celebrati, in conuentu S. Mariae super Mineruam in festo sacratiss. Pent. anno Domini 1569 die XXVIII Maii ...</subfield>
  </datafield>
  <datafield tag="210" ind1=" " ind2=" ">
    <subfield code="e">Romae</subfield>
    <subfield code="g">apud Iulium Accoltum</subfield>
    <subfield code="h">1569</subfield>
  </datafield>
  <datafield tag="215" ind1=" " ind2=" ">
    <subfield code="a">19, \1! c.</subfield>
    <subfield code="c">ill.</subfield>
    <subfield code="d">4ʻ</subfield>
  </datafield>
  <datafield tag="620" ind1=" " ind2=" ">
    <subfield code="a">IT</subfield>
    <subfield code="d">Roma</subfield>
  </datafield>
  <datafield tag="710" ind1="0" ind2="2">
    <subfield code="a">Domenicani</subfield>
    <subfield code="3">IT\ICCU\CNCT\003443</subfield>
  </datafield>
  <datafield tag="712" ind1="0" ind2="0">
    <subfield code="a">Accolti, Giulio</subfield>
    <subfield code="3">IT\ICCU\CNCT\000104</subfield>
    <subfield code="4">650</subfield>
  </datafield>
  <datafield tag="791" ind1="0" ind2="2">
    <subfield code="a">Ordo fratrum praedicatorum</subfield>
    <subfield code="3">IT\ICCU\CNCT\004887</subfield>
    <subfield code="z">Domenicani</subfield>
  </datafield>
  <datafield tag="791" ind1="0" ind2="2">
    <subfield code="a">Congregatio Lombardiae Ordinis Praedicatorum</subfield>
    <subfield code="3">15559</subfield>
    <subfield code="z">Domenicani</subfield>
  </datafield>
  <datafield tag="790" ind1=" " ind2="0">
    <subfield code="a">Frati del Terzo Ordine di S. Domenico</subfield>
    <subfield code="3">IT\ICCU\CNCA\018843</subfield>
    <subfield code="z">Domenicani</subfield>
  </datafield>
  <datafield tag="790" ind1=" " ind2="0">
    <subfield code="a">Predicatori</subfield>
    <subfield code="3">IT\ICCU\CNCA\018844</subfield>
    <subfield code="z">Domenicani</subfield>
  </datafield>
  <datafield tag="791" ind1="0" ind2="0">
    <subfield code="a">Bolani, Giulio</subfield>
    <subfield code="3">IT\ICCU\CNCT\002964</subfield>
    <subfield code="z">Accolti, Giulio</subfield>
  </datafield>
  <datafield tag="791" ind1="0" ind2="0">
    <subfield code="a">Bolano degli Accolti, Giulio</subfield>
    <subfield code="3">IT\ICCU\CNCT\003005</subfield>
    <subfield code="z">Accolti, Giulio</subfield>
  </datafield>
  <datafield tag="791" ind1="0" ind2="0">
    <subfield code="a">Accolto, Giulio</subfield>
    <subfield code="3">IT\ICCU\CNCT\004216</subfield>
    <subfield code="z">Accolti, Giulio</subfield>
  </datafield>
  <datafield tag="791" ind1="0" ind2="0">
    <subfield code="a">Accoltus, Iulius</subfield>
    <subfield code="3">IT\ICCU\CNCT\004217</subfield>
    <subfield code="z">Accolti, Giulio</subfield>
  </datafield>
  <datafield tag="801" ind1=" " ind2="3">
    <subfield code="a">IT</subfield>
    <subfield code="b">ICCU</subfield>
    <subfield code="c">20201114</subfield>
  </datafield>
  <datafield tag="899" ind1=" " ind2=" ">
    <subfield code="a">Biblioteca comunale dell&apos;Archiginnasio. Bologna</subfield>
    <subfield code="1">BO0304</subfield>
    <subfield code="2">UBO GA</subfield>
  </datafield>
  <datafield tag="899" ind1=" " ind2=" ">
    <subfield code="a">Biblioteca del Seminario vescovile. Lodi</subfield>
    <subfield code="1">LO0023</subfield>
    <subfield code="2">PBE 28</subfield>
  </datafield>
  <datafield tag="899" ind1=" " ind2=" ">
    <subfield code="a">Biblioteca nazionale Vittorio Emanuele III. Napoli</subfield>
    <subfield code="1">NA0079</subfield>
    <subfield code="2">NAP BN</subfield>
  </datafield>
  <datafield tag="899" ind1=" " ind2=" ">
    <subfield code="a">Biblioteca comunale Augusta. Perugia</subfield>
    <subfield code="1">PG0109</subfield>
    <subfield code="2">UM1 01</subfield>
  </datafield>
</record>
</collection>
